<record><leader>00000cas a22000007a 4500</leader><controlfield tag="001">33630135</controlfield><controlfield tag="008">951121c19959999gaudn n       0   a0eng c</controlfield><datafield ind1=" " ind2=" " tag="010"><subfield code="a">sn 95002431 </subfield></datafield><datafield ind1=" " ind2=" " tag="040"><subfield code="a">NSD</subfield><subfield code="b">eng</subfield><subfield code="c">NSD</subfield><subfield code="d">NLG</subfield><subfield code="d">OCLCQ</subfield><subfield code="d">GUA</subfield><subfield code="d">OCLCQ</subfield><subfield code="d">OCLCF</subfield><subfield code="d">OCLCO</subfield></datafield><datafield ind1=" " ind2=" " tag="012"><subfield code="m">1</subfield></datafield><datafield ind1="1" ind2=" " tag="022"><subfield code="a">1086-0096</subfield><subfield code="l">1086-0096</subfield><subfield code="2">1</subfield></datafield><datafield ind1="1" ind2=" " tag="029"><subfield code="a">AU@</subfield><subfield code="b">000025884506</subfield></datafield><datafield ind1=" " ind2=" " tag="032"><subfield code="a">921980</subfield><subfield code="b">USPS</subfield></datafield><datafield ind1=" " ind2=" " tag="042"><subfield code="a">nsdp</subfield><subfield code="a">pcc</subfield></datafield><datafield ind1=" " ind2=" " tag="043"><subfield code="a">n-us-ga</subfield></datafield><datafield ind1=" " ind2="0" tag="222"><subfield code="a">Gwinnett daily post</subfield></datafield><datafield ind1="0" ind2="0" tag="245"><subfield code="a">Gwinnett daily post.</subfield></datafield><datafield ind1=" " ind2=" " tag="260"><subfield code="a">Lawrenceville, Ga. :</subfield><subfield code="b">Rockdale Citizen Pub. Co.,</subfield><subfield code="c">[1995]-</subfield></datafield><datafield ind1=" " ind2=" " tag="300"><subfield code="a">v.</subfield></datafield><datafield ind1=" " ind2=" " tag="310"><subfield code="a">Daily (Tuesday through Saturday)</subfield></datafield><datafield ind1="1" ind2=" " tag="362"><subfield code="a">Began with issue for Sept. 5, 1995.</subfield></datafield><datafield ind1=" " ind2=" " tag="530"><subfield code="a">Also on microfilm: Athens, Ga. : University of Georgia Libraries.</subfield></datafield><datafield ind1=" " ind2=" " tag="588"><subfield code="a">Description based on: Oct. 6, 1995.</subfield></datafield><datafield ind1=" " ind2="0" tag="651"><subfield code="a">Lawrenceville (Ga.)</subfield><subfield code="v">Newspapers.</subfield></datafield><datafield ind1=" " ind2="0" tag="651"><subfield code="a">Gwinnett County (Ga.)</subfield><subfield code="v">Newspapers.</subfield></datafield><datafield ind1=" " ind2="7" tag="655"><subfield code="a">Newspapers.</subfield><subfield code="2">fast</subfield><subfield code="0">(OCoLC)fst01423814</subfield></datafield><datafield ind1=" " ind2="7" tag="651"><subfield code="a">Georgia</subfield><subfield code="z">Gwinnett County.</subfield><subfield code="2">fast</subfield><subfield code="0">(OCoLC)fst01211768</subfield></datafield><datafield ind1=" " ind2="7" tag="651"><subfield code="a">Georgia</subfield><subfield code="z">Lawrenceville.</subfield><subfield code="2">fast</subfield><subfield code="0">(OCoLC)fst01217059</subfield></datafield><datafield ind1=" " ind2=" " tag="752"><subfield code="a">United States</subfield><subfield code="b">Georgia</subfield><subfield code="c">Gwinnett</subfield><subfield code="d">Lawrenceville.</subfield></datafield><datafield ind1="0" ind2="0" tag="780"><subfield code="t">Gwinnett post-tribune</subfield><subfield code="x">1076-4852</subfield><subfield code="w">(DLC)sn 91074152</subfield><subfield code="w">(OCoLC)29527438</subfield></datafield></record>